<?xml version="1.0" encoding="UTF-8"?><record xmlns="http://www.loc.gov/MARC21/slim" xmlns:cinclude="http://apache.org/cocoon/include/1.0" xmlns:zs="http://www.loc.gov/zing/srw/">
  <leader>00356cz  a2200121n  4500</leader>
  <controlfield tag="001">n  85830458 </controlfield>
  <controlfield tag="003">DLC</controlfield>
  <controlfield tag="005">20141209085625.0</controlfield>
  <controlfield tag="008">851223n| azannaab           |n aad      </controlfield>
  <datafield tag="010" ind1=" " ind2=" ">
    <subfield code="a">n  85830458 </subfield>
  </datafield>
  <datafield tag="040" ind1=" " ind2=" ">
    <subfield code="a">DLC</subfield>
    <subfield code="b">eng</subfield>
    <subfield code="e">rda</subfield>
    <subfield code="c">DLC</subfield>
    <subfield code="d">DLC</subfield>
  </datafield>
  <datafield tag="100" ind1="1" ind2=" ">
    <subfield code="a">Sangija, D.</subfield>
  </datafield>
  <datafield tag="670" ind1=" " ind2=" ">
    <subfield code="a">nuc85-79505: Author's Bada mmoja ... 1973</subfield>
    <subfield code="b">(hdg. on NN rept.: Sangija, D.; usage: D. Sangija)</subfield>
  </datafield>
</record>